@inproceedings{HAN_paper,
    title = "Hierarchical Attention Networks for Document Classification",
    author = "Yang, Zichao  and
      Yang, Diyi  and
      Dyer, Chris  and
      He, Xiaodong  and
      Smola, Alex  and
      Hovy, Eduard",
    booktitle = "Proceedings of the 2016 Conference of the North {A}merican Chapter of the Association for Computational Linguistics: Human Language Technologies",
    month = jun,
    year = "2016",
    address = "San Diego, California",
    publisher = "Association for Computational Linguistics",
    url = "https://www.aclweb.org/anthology/N16-1174",
    doi = "10.18653/v1/N16-1174",
    pages = "1480--1489",
}

@article{BERT,
  author    = {Jacob Devlin and
               Ming{-}Wei Chang and
               Kenton Lee and
               Kristina Toutanova},
  title     = {{BERT:} Pre-training of Deep Bidirectional Transformers for Language
               Understanding},
  journal   = {CoRR},
  volume    = {abs/1810.04805},
  year      = {2018},
  url       = {http://arxiv.org/abs/1810.04805},
  archivePrefix = {arXiv},
  eprint    = {1810.04805},
  timestamp = {Tue, 30 Oct 2018 20:39:56 +0100},
  biburl    = {https://dblp.org/rec/journals/corr/abs-1810-04805.bib},
  bibsource = {dblp computer science bibliography, https://dblp.org}
}

@MISC{HAN_math_notes,
   author =       {},
   title =        {},
   editor =       {},
   month =        {},
   year =         {},
   url = {https://srome.github.io/Understanding-Attention-in-Neural-Networks-Mathematically/},
   note =         {[]},
 }
 
 
 @MISC{tanh_mathexchange,
   author =       {},
   title =        {},
   editor =       {},
   month =        {},
   year =         {},
   url = {https://math.stackexchange.com/questions/1052884/taylor-series-expansion-of-tanh-x},
   note =         {[]},
 }